% 详细格式可见如下的网址
% https://blog.csdn.net/Ryan_lee9410/article/details/106055787
@article{yangchang2014integer,
  author = {杨明歌，常水珍}, 
  title = {求解整数规划的割平面法的研究},
  journal = {洛阳师范学院学报},
  year = {2014},
  number = {05},
  pages = {201-213},
  month = {7},
  note = { }, 
  url = {DOI:   10.16594/j.cnki.41-1302/g4.2014.05.001 },
  volume = {33}
}

@book{ywy2022,
  author = {殷允强，王杜鹃，余玉刚，主编}, 
  title = {整数规划：基础、扩展及应用},
  publisher = {科学出版社},
  year = {2022},
  volume = {},
  series = {},
  address = {北京},
  edition = {},
  month = {},
  note = { },
  isbn = { }
}
 
@article{bian2012smooth,
  author = {Wei Bian, Xiaojun Chen}, 
  title = {Smoothing Neural Network for Constrained Non-Lipschitz Optimization With Applications},
  journal = {IEEE Transaction on Neural Networks and Learning Systems},
  year = {2012},
  number = {3},
  pages = {399-411},
  month = {4},
  note = { }, 
  doi = { },
  volume = {23}
}
 